%protip: bruk denne nettsiden https://zbib.org/

@misc{materialise,
  title    = {Medical {3D} {Printing} {\textbar} {3D} {Printing} {In} {Medical} {Field} {\textbar} {Materialise} {Medical}},
  url      = {https://www.materialise.com/en/medical},
  language = {en},
  urldate  = {2021-04-05}
}

@misc{dicomdirector,
  title   = {Dicom Director mixed reality DICOM viewer},
  url     = {https://www.dicomdirector.com/for-surgeons/},
  urldate = {2021-04-05}
}
@misc{holodeck,
  title   = {Medical Holodeck, VR DICOM viewer},
  url     = {https://www.medicalholodeck.com/en/},
  urldate = {2021-04-05}
}
@article{virtualplanningand3dprinting,
  title    = {Virtual preoperative planning and {3D} printing are valuable for the management of complex orthopaedic trauma},
  volume   = {22},
  issn     = {1008-1275},
  doi      = {10.1016/j.cjtee.2019.07.006},
  language = {eng},
  number   = {6},
  journal  = {Chinese Journal of Traumatology = Zhonghua Chuang Shang Za Zhi},
  author   = {Mishra, Abhishek and Verma, Tarun and Vaish, Abhishek and Vaish, Riya and Vaishya, Raju and Maini, Lalit},
  month    = dec,
  year     = {2019},
  pmid     = {31668700},
  pmcid    = {PMC6921216},
  keywords = {Adult, Fracture Dislocation, Fractures, Bone, Humans, Male, Operative Time, Orthopedic Procedures, Orthopedic Surgeons, Patient Care Planning, Printing, Three-Dimensional, Surveys and Questionnaires, Tomography, X-Ray Computed, Treatment Outcome, Virtual Reality, Wounds and Injuries, Young Adult, Bone fractures, Fracture dislocation, Three-dimensional printing, X-ray computed tomography},
  pages    = {350--355}
}

@article{vertemati_virtual_2019,
  title    = {A {Virtual} {Reality} {Environment} to {Visualize} {Three}-{Dimensional} {Patient}-{Specific} {Models} by a {Mobile} {Head}-{Mounted} {Display}},
  volume   = {26},
  issn     = {1553-3506},
  url      = {https://doi.org/10.1177/1553350618822860},
  doi      = {10.1177/1553350618822860},
  language = {en},
  number   = {3},
  urldate  = {2021-04-05},
  journal  = {Surgical Innovation},
  author   = {Vertemati, Maurizio and Cassin, Simone and Rizzetto, Francesco and Vanzulli, Angelo and Elli, Marco and Sampogna, Gianluca and Gallieni, Maurizio},
  month    = jun,
  year     = {2019},
  keywords = {virtual reality, anatomy, training, mobile, head-mounted display},
  pages    = {359--370}
}
